@MISC{pbdR2012,
  author = {Ostrouchov, G. and Chen, W.-C. and Schmidt, D. and Patel, P.},
  title = {Programming with Big Data in {R}},
  year = {2012},
  url = {http://r-pbd.org/}
}

@MISC{Chen2017pbdRPCpackage,
  author = {Chen, W.-C and Schmidt, D.},
  title = {{pbdRPC}: Programming with Big Data -- Remote Procedure Call},
  year = {2017},
  note = {{R} Package},
  url = {https://cran.r-project.org/package=pbdRPC}
}

@misc{remoter,
  title={{remoter}: Remote {R}: Control a Remote {R} Session from a Local One},
  author={Schmidt, D. and Chen, W.-C.},
  year={2016},
  note = {R Package},
  url = {https://cran.r-project.org/package=remoter}
}

@MISC{Chen2015pbdZMQpackage,
  author = {Chen, W.-C. and Schmidt, D. and Heckendorf, C. and Ostrouchov, G.},
  title = {pbdZMQ: Programming with Big Data -- Interface to ZeroMQ},
  year = {2015},
  note = {R Package},
  url = {https://cran.r-project.org/package=pbdZMQ}
}

@MISC{Chen2012pbdMPIpackage,
  author = {Chen, W.-C. and Ostrouchov, G. and Schmidt, D. and Patel, P. and
            Yu, H.},
  title = {{pbdMPI}: Programming with Big Data -- Interface to {MPI}},
  year = {2012},
  note = {{R} Package},
  url = {https://cran.r-project.org/package=pbdMPI}
}

@inproceedings{xsede16,
  author = {Schmidt, D. and Chen, W.-C. and Ostrouchov, G.},
  title = {Introducing a New Client/Server Framework for Big Data Analytics
           with the {R} Language},
  year = {2016},
  booktitle = {Proceedings of the XSEDE16 Conference on Diversity, Big Data,
               and Science at Scale},
  pages = {38:1-38:9}
}

@Manual{pbdCS,
  title = {{pbdCS}: {pbdR} Client/Server Utilities},
  author = {Drew Schmidt and Wei-Chen Chen},
  note = {R package version 0.1-0},
  year = {2016},
  url = {https://github.com/RBigData/pbdCS}
}
@MISC{hpsc2012,
  author = {Chen, W.-C. and Ostrouchov, G.},
  title = {HPSC -- High Performance Statistical Computing for Data Intensive Research},
  year = {2012},
  url = {http://snoweye.github.io/hpsc/}
}
